@ONLINE{amazons3,
title={Amazon Simple Storage Service (S3)},
url={http://aws.amazon.com/s3/}
}

@ONLINE{boto,
title={Python Boto Library},
url={https://github.com/boto/boto}
}

@ONLINE{viivo,
title={Viivo Cloud Storage Encryption},
url={http://viivo.com/}
}

@ONLINE{spideroak,
title={Spider Oak - Encrypted Cloud Storage},
url={https://spideroak.com/}
}

@ONLINE{cloudfogger,
title={Cloudfogger Cloud Storage Encryption},
url={http://www.cloudfogger.com/}
}

@ONLINE{pycrypto,
title={Python Cryptography Library},
url={http://www.pycrypto.org/}
}

@ONLINE{aws-sdk-java,
title={Amazon Web Services Java SDK},
url={http://aws.amazon.com/sdkforjava/}
}

@ONLINE{dropbox,
title={Dropbox Cloud Storage},
url={http://dropbox.com/}
}

