@misc{amazons3,
title={Amazon Simple Storage Service (S3)},
year={2013},
url={http://aws.amazon.com/s3/}
}

@misc{boto,
title={Python Boto Library},
year={2013},
url={https://github.com/boto/boto}
}

@misc{viivo,
title={Viivo Cloud Storage Encryption},
year={2013},
url={http://viivo.com/}
}

@misc{spideroak,
title={Spider Oak - Encrypted Cloud Storage},
year={2013},
url={https://spideroak.com/}
}

@misc{cloudfogger,
title={Cloudfogger Cloud Storage Encryption},
year={2013},
url={http://www.cloudfogger.com/}
}

@misc{pycrypto,
title={Python Cryptography Library},
author={Dwayne C. Litzenberger},
year={2013},
url={http://www.pycrypto.org/}
}

@misc{aws-sdk-java,
title={Amazon Web Services Java SDK},
year={2013},
url={http://aws.amazon.com/sdkforjava/}
}

@misc{dropbox,
title={Dropbox Cloud Storage},
year={2013},
url={http://dropbox.com/}
}

@misc{flask,
author={Charles Leifer},
year={2012},
url={http://charlesleifer.com/blog/web-based-encrypted-file-storage-using-flask-and-aws/}
}
